@misc{web1,
  author = {Consorcio Provincial de Bomberos de Valencia},
  title = {{El Consorcio: Qui√©nes somos}},
  howpublished = "\url{http://www.bombers.dva.gva.es/index.php?option=com_content&view=article&id=22&Itemid=34&lang=es}",
  year = {2008}, 
  note = "[Online]"
}
@misc{web2,
  author = {Consorcio Provincial de Bomberos de Valencia},
  title = {{El Consorcio: Antecedentes}},
  howpublished = "\url{http://www.bombersdv.es/el-consorcio-antecedentes}",
  year = {2013}, 
  note = "[Online]"
}